<?xml version="1.0" encoding="UTF-8"?><collection xmlns="http://www.loc.gov/MARC21/slim"><record><leader>00594nam--2200217-u-4500</leader><controlfield tag="001">000056453</controlfield><controlfield tag="002">20161230</controlfield><controlfield tag="005">20161230201052</controlfield><controlfield tag="008">151021s1000------------r-----000-0-rus-d</controlfield><datafield ind1=" " ind2=" " tag="040"><subfield code="a">IFIN-HH</subfield></datafield><datafield ind1=" " ind2=" " tag="041"><subfield code="a">rus</subfield></datafield><datafield ind1=" " ind2=" " tag="080"><subfield code="a">53</subfield></datafield><datafield ind1="1" ind2=" " tag="100"><subfield code="a">Jeffreys, Harold</subfield></datafield><datafield ind1="1" ind2="0" tag="245"><subfield code="a">Metodi matematiceskoi fiziki</subfield><subfield code="c">Harold jeffreys, berta swirles</subfield></datafield><datafield ind1=" " ind2=" " tag="260"><subfield code="a">Moskva</subfield><subfield code="b">Mir</subfield><subfield code="c">1969 1970</subfield></datafield><datafield ind1=" " ind2=" " tag="300"><subfield code="a">2 VOL</subfield></datafield><datafield ind1=" " ind2=" " tag="500"><subfield code="a">Titlul Original In Limba Engleza: Methods In Mathematical Physics</subfield></datafield><datafield ind1="1" ind2=" " tag="700"><subfield code="a">Swirles, Berta</subfield></datafield><datafield ind1="1" ind2=" " tag="787"><subfield code="a">Vipusk 3</subfield><subfield code="h">343p</subfield></datafield><datafield ind1=" " ind2=" " tag="852"><subfield code="a">32231</subfield><subfield code="c">53.02</subfield></datafield><datafield ind1=" " ind2=" " tag="CAT"><subfield code="a">Sys</subfield><subfield code="c">20151021</subfield><subfield code="h">090722</subfield></datafield></record></collection>